@incollection{davis2016convergence,
  title={Convergence rate analysis of several splitting schemes},
  author={Davis, Damek and Yin, Wotao},
  booktitle={Splitting methods in communication, imaging, science, and engineering},
  pages={115--163},
  year={2016},
  publisher={Springer}
}

@book{abramowitz+stegun,
  added-at = {2008-06-25T06:25:58.000+0200},
  address = {New York},
  author = {Abramowitz, Milton and Stegun, Irene A.},
  biburl = {https://www.bibsonomy.org/bibtex/223ec744709b3a776a1af0a3fd65cd09f/a_olympia},
  description = {BibTeX - Wikipedia, the free encyclopedia},
  edition = {ninth Dover printing, tenth GPO printing},
  interhash = {d4914a420f489f7c5129ed01ec3cf80c},
  intrahash = {23ec744709b3a776a1af0a3fd65cd09f},
  keywords = {Handbook},
  publisher = {Dover},
  timestamp = {2008-06-25T06:25:58.000+0200},
  title = {Handbook of Mathematical Functions with Formulas, Graphs, and Mathematical Tables},
  year = 1964
}

@article{hoeffding1956distribution,
  title={On the distribution of the number of successes in independent trials},
  author={Hoeffding, Wassily},
  journal={The Annals of Mathematical Statistics},
  pages={713--721},
  year={1956},
  publisher={JSTOR}
}

@book{feller1966introduction,
  title={An Introduction to Probability Theory and Its Application: Vol. 1-2},
  author={Feller, William},
  year={1966}
}

@book{bauschke2011convex,
  title={Convex analysis and monotone operator theory in Hilbert spaces},
  author={Bauschke, Heinz H and Combettes, Patrick L and others},
  volume={408},
  year={2011},
  publisher={Springer}
}

@article{cominetti2014rate,
  title={On the rate of convergence of Krasnosel’skii-Mann iterations and their connection with sums of Bernoullis},
  author={Cominetti, Roberto and Soto, Jos{\'e} A and Vaisman, Jos{\'e}},
  journal={Israel Journal of Mathematics},
  volume={199},
  number={2},
  pages={757--772},
  year={2014},
  publisher={Springer}
}

@article{baillion1996rate,
  title={The Rate of Asymptotic Regularity Is O (1/  n)},
  author={Baillion, J and Bruck, RONALD E},
  journal={Lecture Notes in Pure and Applied Mathematics},
  pages={51--82},
  year={1996},
  publisher={MARCEL DEKKER AG}
}

@misc{bravo2021universal,
      title={Universal bounds for fixed point iterations via optimal transport metrics}, 
      author={Mario Bravo and Thierry Champion and Roberto Cominetti},
      year={2021},
      eprint={2108.00300},
      archivePrefix={arXiv},
      primaryClass={math.OC}
}

@article{alber2012stochastic,
  title={Stochastic approximation method for fixed point problems},
  author={Alber, Ya I and Chidume, CE and Li, Jinlu},
  journal={Applied Mathematics},
  volume={3},
  number={12},
  pages={2123--2132},
  year={2012},
  publisher={Scientific Research Publishing}
}

@article{bravo2019rates,
  title={Rates of convergence for inexact Krasnosel’skii--Mann iterations in Banach spaces},
  author={Bravo, Mario and Cominetti, Roberto and Pavez-Sign{\'e}, Mat{\'\i}as},
  journal={Mathematical Programming},
  volume={175},
  number={1},
  pages={241--262},
  year={2019},
  publisher={Springer}
}

@book{sutton2018reinforcement,
  title={Reinforcement learning: An introduction},
  author={Sutton, Richard S and Barto, Andrew G},
  year={2018},
  publisher={MIT press}
}

@article{lan2021policy,
  title={Policy mirror descent for reinforcement learning: Linear convergence, new sampling complexity, and generalized problem classes},
  author={Lan, Guanghui},
  journal={arXiv preprint arXiv:2102.00135},
  year={2021}
}